@Article{sample,
  author =   {Author, A. N.},
  title =    {Title One},
  journal =  {Journal},
  year =     2000
}

@Article{sparsemax,
  author       = {Andr{\'{e}} F. T. Martins and
                  Ram{\'{o}}n Fernandez Astudillo},
  title        = {From Softmax to Sparsemax: {A} Sparse Model of Attention and Multi-Label
                  Classification},
  journal      = {CoRR},
  volume       = {abs/1602.02068},
  year         = {2016},
  url          = {http://arxiv.org/abs/1602.02068},
  eprinttype    = {arXiv},
  eprint       = {1602.02068},
  timestamp    = {Mon, 26 Oct 2020 15:47:01 +0100},
  biburl       = {https://dblp.org/rec/journals/corr/MartinsA16.bib},
  bibsource    = {dblp computer science bibliography, https://dblp.org}
}

@Article{gumbel,
      title={Categorical Reparameterization with Gumbel-Softmax}, 
      author={Eric Jang and Shixiang Gu and Ben Poole},
      year={2017},
      eprint={1611.01144},
      archivePrefix={arXiv},
      primaryClass={stat.ML}
}
@article{fast-softmax-sampling,
  author = {Ifueko Igbinedion and Derek Phillips and Daniel LÃ©vy},
  title = {Fast Softmax Sampling for Deep Neural Networks},
  journal = {CS231n},
  year = {2017},
  url = {http://cs231n.stanford.edu/reports/2017/pdfs/130.pdf}
}

@misc{maddison2017concrete,
      title={The Concrete Distribution: A Continuous Relaxation of Discrete Random Variables}, 
      author={Chris J. Maddison and Andriy Mnih and Yee Whye Teh},
      year={2017},
      eprint={1611.00712},
      archivePrefix={arXiv},
      primaryClass={cs.LG}
}

@article{alitabakds_my-first-project_2023,
  author = {Ali Tabak},
  title = {5 modelling approaches for Image Classification},
  year = {2020},
  url = {https://jovian.ml/alitabakds/my-first-project/v/65},
}

@misc{cifar100,
    author = {Alex Krizhevsky, Vinod Nair, and Geoffrey Hinton},
    title = {CIFAR-100 Dataset},
    year = {2009},
    url = {https://www.cs.toronto.edu/~kriz/cifar.html}
}
